@incollection{alston_grapes_2019,
  title = {Grapes in the {{World Economy}}},
  booktitle = {The {{Grape Genome}}},
  author = {Alston, Julian M. and Sambucci, Olena},
  editor = {Cantu, Dario and Walker, M. Andrew},
  year = {2019},
  pages = {1--24},
  publisher = {Springer International Publishing},
  address = {Cham},
  doi = {10.1007/978-3-030-18601-2_1}
}

@inproceedings{armeni_3d_2016,
  title = {{{3D}} Semantic Parsing of Large-Scale Indoor Spaces},
  booktitle = {Proceedings of the {{IEEE}} Conference on Computer Vision and Pattern Recognition ({{CVPR}})},
  author = {Armeni, Iro and Sener, Ozan and Zamir, Amir R. and Jiang, Helen and Brilakis, Ioannis and Fischer, Martin and Savarese, Silvio},
  year = {2016},
  month = jun,
  pages = {1534--1543}
}

@article{barbole_comparative_2023,
  title = {Comparative Analysis of {{2D}} and {{3D}} Vineyard Yield Prediction System Using Artificial Intelligence},
  author = {Barbole, Dhanashree and Jadhav, Parul M.},
  year = {2023},
  month = oct,
  journal = {Journal of Agricultural Engineering},
  volume = {55},
  number = {1},
  doi = {10.4081/jae.2023.1545}
}

@article{blok_highthroughput_2025,
  title = {High-Throughput {{3D}} Shape Completion of Potato Tubers on a Harvester},
  author = {Blok, Pieter M. and Magistri, Federico and Stachniss, Cyrill and Wang, Haozhou and Burridge, James and Guo, Wei},
  year = {2025},
  month = jan,
  journal = {Computers and Electronics in Agriculture},
  volume = {228},
  pages = {109673},
  doi = {10.1016/j.compag.2024.109673}
}

@inproceedings{botturi_stewie_2023,
  title = {{{STEWIE}}: {{eSTimating grapE}} Berries Number and Radius from Images Using a {{Weakly supervIsed nEural}} Network},
  shorttitle = {{{STEWIE}}},
  booktitle = {2023 {{IEEE International Workshop}} on {{Metrology}} for {{Agriculture}} and {{Forestry}} ({{MetroAgriFor}})},
  author = {Botturi, Davide and Gnutti, Alessandro and Nuzzi, Cristina and Lanza, Bernardo and Pasinetti, Simone},
  year = {2023},
  month = nov,
  pages = {277--282},
  publisher = {IEEE},
  address = {Pisa, Italy},
  doi = {10.1109/MetroAgriFor58484.2023.10424094}
}

@article{chen_instance_2023,
  title = {Instance {{Segmentation}} and {{Number Counting}} of {{Grape Berry Images Based}} on {{Deep Learning}}},
  author = {Chen, Yanmin and Li, Xiu and Jia, Mei and Li, Jiuliang and Hu, Tianyang and Luo, Jun},
  year = {2023},
  month = jun,
  journal = {Applied Sciences},
  volume = {13},
  number = {11},
  pages = {6751},
  doi = {10.3390/app13116751}
}

@article{drofova_use_2023,
  title = {Use of Scanning Devices for Object {{3D}} Reconstruction by Photogrammetry and Visualization in Virtual Reality},
  author = {Drofova, Irena and Guo, Wei and Wang, Haozhou and Adamek, Milan},
  year = {2023},
  month = apr,
  journal = {Bulletin of Electrical Engineering and Informatics},
  volume = {12},
  number = {2},
  pages = {868--881},
  doi = {10.11591/eei.v12i2.4584}
}

@article{du_instance_2023,
  title = {Instance {{Segmentation}} and {{Berry Counting}} of {{Table Grape}} before {{Thinning Based}} on {{AS-SwinT}}},
  author = {Du, Wensheng and Liu, Ping},
  year = {2023},
  month = jan,
  journal = {Plant Phenomics},
  volume = {5},
  pages = {0085},
  doi = {10.34133/plantphenomics.0085}
}

@article{du_pst_2023,
  title = {{{PST}}: {{Plant}} Segmentation Transformer for {{3D}} Point Clouds of Rapeseed Plants at the Podding Stage},
  shorttitle = {{{PST}}},
  author = {Du, Ruiming and Ma, Zhihong and Xie, Pengyao and He, Yong and Cen, Haiyan},
  year = {2023},
  month = jan,
  journal = {ISPRS Journal of Photogrammetry and Remote Sensing},
  volume = {195},
  pages = {380--392},
  doi = {10.1016/j.isprsjprs.2022.11.022}
}

@article{fei_comprehensive_2022,
  title = {Comprehensive {{Review}} of {{Deep Learning-Based 3D Point Cloud Completion Processing}} and {{Analysis}}},
  author = {Fei, Ben and Yang, Weidong and Chen, Wen-Ming and Li, Zhijun and Li, Yikang and Ma, Tao and Hu, Xing and Ma, Lipeng},
  year = {2022},
  month = dec,
  journal = {IEEE Transactions on Intelligent Transportation Systems},
  volume = {23},
  number = {12},
  pages = {22862--22883},
  doi = {10.1109/TITS.2022.3195555}
}

@misc{fei_selfsupervised_2023,
  title = {Self-Supervised {{Learning}} for {{Pre-Training 3D Point Clouds}}: {{A Survey}}},
  shorttitle = {Self-Supervised {{Learning}} for {{Pre-Training 3D Point Clouds}}},
  author = {Fei, Ben and Yang, Weidong and Liu, Liwen and Luo, Tianyue and Zhang, Rui and Li, Yixuan and He, Ying},
  year = {2023},
  publisher = {arXiv},
  doi = {10.48550/ARXIV.2305.04691}
}

@article{ge_symmetrybased_2020,
  title = {Symmetry-Based {{3D}} Shape Completion for Fruit Localisation for Harvesting Robots},
  author = {Ge, Yuanyue and Xiong, Ya and From, P{\aa}l J.},
  year = {2020},
  month = sep,
  journal = {Biosystems Engineering},
  volume = {197},
  pages = {188--202},
  doi = {10.1016/j.biosystemseng.2020.07.003}
}

@article{guo_deep_2021,
  title = {Deep {{Learning}} for {{3D Point Clouds}}: {{A Survey}}},
  shorttitle = {Deep {{Learning}} for {{3D Point Clouds}}},
  author = {Guo, Yulan and Wang, Hanyun and Hu, Qingyong and Liu, Hao and Liu, Li and Bennamoun, Mohammed},
  year = {2021},
  month = dec,
  journal = {IEEE Transactions on Pattern Analysis and Machine Intelligence},
  volume = {43},
  number = {12},
  pages = {4338--4364},
  doi = {10.1109/TPAMI.2020.3005434}
}

@article{helmrich_scalable_2024,
  title = {A Scalable Pipeline to Create Synthetic Datasets from Functional-Structural Plant Models for Deep Learning},
  author = {Helmrich, Dirk Norbert and Bauer, Felix Maximilian and Giraud, Mona and Schnepf, Andrea and G{\"o}bbert, Jens Henrik and Scharr, Hanno and Hvannberg, Ebba {\TH}ora and Riedel, Morris},
  editor = {Chen, Tsu-Wei},
  year = {2024},
  month = jan,
  journal = {in silico Plants},
  volume = {6},
  number = {1},
  pages = {diad022},
  doi = {10.1093/insilicoplants/diad022}
}

@article{jadhav_comparative_2021,
  title = {Comparative {{Analysis}} of {{Deep Learning Architectures}} for {{Grape Cluster Instance Segmentation}}},
  author = {Jadhav, Parul and Barbole,, Dhanashree},
  year = {2021},
  month = mar,
  journal = {Information Technology in Industry},
  volume = {9},
  number = {1},
  pages = {344--352},
  doi = {10.17762/itii.v9i1.138}
}

@article{jiang_3d_2019,
  title = {{{3D}} Point Cloud Data to Quantitatively Characterize Size and Shape of Shrub Crops},
  author = {Jiang, Yu and Li, Changying and Takeda, Fumiomi and Kramer, Elizabeth A. and Ashrafi, Hamid and Hunter, Jamal},
  year = {2019},
  month = dec,
  journal = {Horticulture Research},
  volume = {6},
  number = {1},
  pages = {43},
  doi = {10.1038/s41438-019-0123-9}
}

@article{kamangir_largescale_2024,
  title = {Large-Scale Spatio-Temporal Yield Estimation via Deep Learning Using Satellite and Management Data Fusion in Vineyards},
  author = {Kamangir, Hamid and Sams, Brent S. and Dokoozlian, Nick and Sanchez, Luis and Earles, J. Mason},
  year = {2024},
  month = jan,
  journal = {Computers and Electronics in Agriculture},
  volume = {216},
  pages = {108439},
  doi = {10.1016/j.compag.2023.108439}
}

@inproceedings{karoly_automated_2022,
  title = {Automated {{Dataset Generation}} with {{Blender}} for {{Deep Learning-based Object Segmentation}}},
  booktitle = {2022 {{IEEE}} 20th {{Jubilee World Symposium}} on {{Applied Machine Intelligence}} and {{Informatics}} ({{SAMI}})},
  author = {K{\'a}roly, Art{\'u}r I. and Galambos, P{\'e}ter},
  year = {2022},
  month = mar,
  pages = {000329--000334},
  doi = {10.1109/SAMI54271.2022.9780790}
}

@article{li_maspc_2022,
  title = {{{MASPC}}\_{{Transform}}: {{A Plant Point Cloud Segmentation Network Based}} on {{Multi-Head Attention Separation}} and {{Position Code}}},
  shorttitle = {{{MASPC}}\_{{Transform}}},
  author = {Li, Bin and Guo, Chenhua},
  year = {2022},
  month = nov,
  journal = {Sensors},
  volume = {22},
  number = {23},
  pages = {9225},
  doi = {10.3390/s22239225}
}

@article{li_psegnet_2022,
  title = {{{PSegNet}}: {{Simultaneous Semantic}} and {{Instance Segmentation}} for {{Point Clouds}} of {{Plants}}},
  shorttitle = {{{PSegNet}}},
  author = {Li, Dawei and Li, Jinsheng and Xiang, Shiyu and Pan, Anqi},
  year = {2022},
  month = jan,
  journal = {Plant Phenomics},
  volume = {2022},
  pages = {2022/9787643},
  doi = {10.34133/2022/9787643}
}

@article{li_review_2020,
  title = {A Review of Computer Vision Technologies for Plant Phenotyping},
  author = {Li, Zhenbo and Guo, Ruohao and Li, Meng and Chen, Yaru and Li, Guangyao},
  year = {2020},
  month = sep,
  journal = {Computers and Electronics in Agriculture},
  volume = {176},
  pages = {105672},
  doi = {10.1016/j.compag.2020.105672}
}

@article{liu_estimation_2022,
  title = {Estimation of {{Characteristic Parameters}} of {{Grape Clusters Based}} on {{Point Cloud Data}}},
  author = {Liu, Wentao and Wang, Chenglin and Yan, De and Chen, Weilin and Luo, Lufeng},
  year = {2022},
  month = jul,
  journal = {Frontiers in Plant Science},
  volume = {13},
  pages = {885167},
  doi = {10.3389/fpls.2022.885167}
}

@inproceedings{luo_3d_2023,
  title = {{{3D Semantic Segmentation}} for {{Grape Bunch Point Cloud Based}} on {{Feature Enhancement}}},
  booktitle = {2023 {{IEEE International Conference}} on {{Robotics}} and {{Biomimetics}} ({{ROBIO}})},
  author = {Luo, Jiangtao and Zhang, Dongbo and Yi, Tao},
  year = {2023},
  month = dec,
  pages = {1--6},
  publisher = {IEEE},
  address = {Koh~Samui, Thailand},
  doi = {10.1109/ROBIO58561.2023.10354793}
}

@article{luo_infield_2022,
  title = {In-Field Pose Estimation of Grape Clusters with Combined Point Cloud Segmentation and Geometric Analysis},
  author = {Luo, Lufeng and Yin, Wei and Ning, Zhengtong and Wang, Jinhai and Wei, Huiling and Chen, Weilin and Lu, Qinghua},
  year = {2022},
  month = sep,
  journal = {Computers and Electronics in Agriculture},
  volume = {200},
  pages = {107197},
  doi = {10.1016/j.compag.2022.107197}
}

@article{luo_prediction_2024,
  title = {Prediction of the {{Harvest Time}} of {{Cabernet Sauvignon Grapes Using Near-Infrared Spectroscopy}}},
  author = {Luo, Yijia and Zhao, Jingrui and Zhu, He and Li, Xiaohan and Dong, Juan and Sun, Jingtao},
  year = {2024},
  month = feb,
  journal = {Spectroscopy},
  pages = {18--27},
  doi = {10.56530/spectroscopy.jh1773v4}
}

@article{magistri_contrastive_2022,
  title = {Contrastive {{3D Shape Completion}} and {{Reconstruction}} for {{Agricultural Robots Using RGB-D Frames}}},
  author = {Magistri, Federico and Marks, Elias and Nagulavancha, Sumanth and Vizzo, Ignacio and Labe, Thomas and Behley, Jens and Halstead, Michael and McCool, Chris and Stachniss, Cyrill},
  year = {2022},
  month = oct,
  journal = {IEEE Robotics and Automation Letters},
  volume = {7},
  number = {4},
  pages = {10120--10127},
  doi = {10.1109/LRA.2022.3193239}
}

@inproceedings{magistri_efficient_2024,
  title = {Efficient and {{Accurate Transformer-Based 3D Shape Completion}} and {{Reconstruction}} of {{Fruits}} for {{Agricultural Robots}}},
  booktitle = {2024 {{IEEE International Conference}} on {{Robotics}} and {{Automation}} ({{ICRA}})},
  author = {Magistri, Federico and Marcuzzi, Rodrigo and Marks, Elias and Sodano, Matteo and Behley, Jens and Stachniss, Cyrill},
  year = {2024},
  month = may,
  pages = {8657--8663},
  publisher = {IEEE},
  address = {Yokohama, Japan},
  doi = {10.1109/ICRA57147.2024.10611717}
}

@inproceedings{marangoz_fruit_2022,
  title = {Fruit {{Mapping}} with {{Shape Completion}} for {{Autonomous Crop Monitoring}}},
  booktitle = {2022 {{IEEE}} 18th {{International Conference}} on {{Automation Science}} and {{Engineering}} ({{CASE}})},
  author = {Marangoz, Salih and Zaenker, Tobias and Menon, Rohit and Bennewitz, Maren},
  year = {2022},
  month = aug,
  pages = {471--476},
  publisher = {IEEE},
  address = {Mexico City, Mexico},
  doi = {10.1109/CASE49997.2022.9926466}
}

@incollection{mohimont_comparison_2021,
  title = {Comparison of {{Machine Learning}} and {{Deep Learning Methods}} for {{Grape Cluster Segmentation}}},
  booktitle = {Smart and {{Sustainable Agriculture}}},
  author = {Mohimont, Lucas and Roesler, Mathias and Rondeau, Marine and Gaveau, Nathalie and Alin, Fran{\c c}ois and Steffenel, Luiz Angelo},
  editor = {Boumerdassi, Selma and Ghogho, Mounir and Renault, {\'E}ric},
  year = {2021},
  volume = {1470},
  pages = {84--102},
  publisher = {Springer International Publishing},
  address = {Cham},
  doi = {10.1007/978-3-030-88259-4_7}
}

@article{ni_threedimensional_2021,
  title = {Three-Dimensional Photogrammetry with Deep Learning Instance Segmentation to Extract Berry Fruit Harvestability Traits},
  author = {Ni, Xueping and Li, Changying and Jiang, Huanyu and Takeda, Fumiomi},
  year = {2021},
  month = jan,
  journal = {ISPRS Journal of Photogrammetry and Remote Sensing},
  volume = {171},
  pages = {297--309},
  doi = {10.1016/j.isprsjprs.2020.11.010}
}

@inproceedings{pan_panoptic_2023,
  title = {Panoptic {{Mapping}} with {{Fruit Completion}} and {{Pose Estimation}} for {{Horticultural Robots}}},
  booktitle = {2023 {{IEEE}}/{{RSJ International Conference}} on {{Intelligent Robots}} and {{Systems}} ({{IROS}})},
  author = {Pan, Yue and Magistri, Federico and L{\"a}be, Thomas and Marks, Elias and Smitt, Claus and McCool, Chris and Behley, Jens and Stachniss, Cyrill},
  year = {2023},
  month = oct,
  pages = {4226--4233},
  publisher = {IEEE},
  address = {Detroit, MI, USA},
  doi = {10.1109/IROS55552.2023.10342067}
}

@inproceedings{park_deepsdf_2019,
  title = {{{DeepSDF}}: {{Learning Continuous Signed Distance Functions}} for {{Shape Representation}}},
  shorttitle = {{{DeepSDF}}},
  booktitle = {2019 {{IEEE}}/{{CVF Conference}} on {{Computer Vision}} and {{Pattern Recognition}} ({{CVPR}})},
  author = {Park, Jeong Joon and Florence, Peter and Straub, Julian and Newcombe, Richard and Lovegrove, Steven},
  year = {2019},
  month = jun,
  pages = {165--174},
  publisher = {IEEE},
  address = {Long Beach, CA, USA},
  doi = {10.1109/CVPR.2019.00025}
}

@article{quinones_gcnet_2025,
  title = {{{GCNet}}: {{A Deep Learning Framework}} for {{Enhanced Grape Cluster Segmentation}} and {{Yield Estimation Incorporating Occluded Grape Detection}} with a {{Correction Factor}} for {{Indoor Experimentation}}},
  shorttitle = {{{GCNet}}},
  author = {Qui{\~n}ones, Rubi and Banu, Syeda Mariah and Gultepe, Eren},
  year = {2025},
  month = jan,
  journal = {Journal of Imaging},
  volume = {11},
  number = {2},
  pages = {34},
  doi = {10.3390/jimaging11020034}
}

@article{raihen_prediction_2024,
  title = {Prediction Modeling Using Deep Learning for the Classification of Grape-Type Dried Fruits},
  author = {Raihen, Md Nurul and Akter, Sultana},
  year = {2024},
  month = jun,
  journal = {International Journal of Mathematics and Computer in Engineering},
  volume = {2},
  number = {1},
  pages = {1--12},
  doi = {10.2478/ijmce-2024-0001}
}

@article{rist_highprecision_2018,
  title = {High-{{Precision Phenotyping}} of {{Grape Bunch Architecture Using Fast 3D Sensor}} and {{Automation}}},
  author = {Rist, Florian and Herzog, Katja and Mack, Jenny and Richter, Robert and Steinhage, Volker and T{\"o}pfer, Reinhard},
  year = {2018},
  month = mar,
  journal = {Sensors},
  volume = {18},
  number = {3},
  pages = {763},
  doi = {10.3390/s18030763}
}

@article{rose_automated_2016,
  title = {Towards {{Automated Large-Scale 3D Phenotyping}} of {{Vineyards}} under {{Field Conditions}}},
  author = {Rose, Johann and Kicherer, Anna and Wieland, Markus and Klingbeil, Lasse and T{\"o}pfer, Reinhard and Kuhlmann, Heiner},
  year = {2016},
  month = dec,
  journal = {Sensors},
  volume = {16},
  number = {12},
  pages = {2136},
  doi = {10.3390/s16122136}
}

@article{rostami_survey_2019,
  title = {A {{Survey}} on {{Data}}-{{Driven 3D Shape Descriptors}}},
  author = {Rostami, R. and Bashiri, F. S. and Rostami, B. and Yu, Z.},
  year = {2019},
  month = feb,
  journal = {Computer Graphics Forum},
  volume = {38},
  number = {1},
  pages = {356--393},
  doi = {10.1111/cgf.13536}
}

@article{schnabel_efficient_2007,
  title = {Efficient {{RANSAC}} for {{Point}}-{{Cloud Shape Detection}}},
  author = {Schnabel, R. and Wahl, R. and Klein, R.},
  year = {2007},
  month = jun,
  journal = {Computer Graphics Forum},
  volume = {26},
  number = {2},
  pages = {214--226},
  doi = {10.1111/j.1467-8659.2007.01016.x}
}

@article{schneider_predicting_2020,
  title = {Towards {{Predicting Vine Yield}}: {{Conceptualization}} of {{3D Grape Models}} and {{Derivation}} of {{Reliable Physical}} and {{Morphological Parameters}}},
  shorttitle = {Towards {{Predicting Vine Yield}}},
  author = {Schneider, Thomas and Paulus, Gernot and Anders, Karl-Heinrich},
  year = {2020},
  journal = {GI\_Forum},
  volume = {1},
  pages = {73--88},
  doi = {10.1553/giscience2020_01_s73}
}

@article{scholer_automated_2015,
  title = {Automated {{3D}} Reconstruction of Grape Cluster Architecture from Sensor Data for Efficient Phenotyping},
  author = {Sch{\"o}ler, Florian and Steinhage, Volker},
  year = {2015},
  month = jun,
  journal = {Computers and Electronics in Agriculture},
  volume = {114},
  pages = {163--177},
  doi = {10.1016/j.compag.2015.04.001}
}

@article{sneha_acrescale_2024,
  title = {Acre-{{Scale Grape Bunch Detection}} and {{Predict Grape Harvest Using YOLO Deep Learning Network}}},
  author = {Sneha, N. and Sundaram, Meenakshi and Ranjan, Rajeev},
  year = {2024},
  month = feb,
  journal = {SN Computer Science},
  volume = {5},
  number = {2},
  pages = {250},
  doi = {10.1007/s42979-023-02572-9}
}

@article{su_point_2023,
  title = {Point Cloud Completion via Structured Feature Maps Using a Feedback Network},
  author = {Su, Zejia and Huang, Haibin and Ma, Chongyang and Huang, Hui and Hu, Ruizhen},
  year = {2023},
  month = mar,
  journal = {Computational Visual Media},
  volume = {9},
  number = {1},
  pages = {71--85},
  doi = {10.1007/s41095-022-0276-6}
}

@article{tamura_unsupervised_2025,
  title = {Unsupervised Monocular Depth Estimation with Omnidirectional Camera for {{3D}} Reconstruction of Grape Berries in the Wild},
  author = {Tamura, Yasuto and Utsumi, Yuzuko and Miwa, Yuka and Iwamura, Masakazu and Kise, Koichi},
  editor = {Marchisio, Alberto},
  year = {2025},
  month = feb,
  journal = {PLOS ONE},
  volume = {20},
  number = {2},
  pages = {e0317359},
  doi = {10.1371/journal.pone.0317359}
}

@inproceedings{tang_lakenet_2022,
  title = {{{LAKe-net}}: {{Topology-aware}} Point Cloud Completion by Localizing Aligned Keypoints},
  booktitle = {Proceedings of the {{IEEE}}/{{CVF}} Conference on Computer Vision and Pattern Recognition ({{CVPR}})},
  author = {Tang, Junshu and Gong, Zhijun and Yi, Ran and Xie, Yuan and Ma, Lizhuang},
  year = {2022},
  month = jun,
  pages = {1726--1735}
}

@inproceedings{tchapmi_topnet_2019,
  title = {{{TopNet}}: {{Structural}} Point Cloud Decoder},
  booktitle = {Proceedings of the {{IEEE}}/{{CVF}} Conference on Computer Vision and Pattern Recognition ({{CVPR}})},
  author = {Tchapmi, Lyne P. and Kosaraju, Vineet and Rezatofighi, Hamid and Reid, Ian and Savarese, Silvio},
  year = {2019},
  month = jun,
  pages = {383--392}
}

@article{tesema_point_2024,
  title = {Point {{Cloud Completion}}: {{A Survey}}},
  shorttitle = {Point {{Cloud Completion}}},
  author = {Tesema, Keneni W. and Hill, Lyndon and Jones, Mark W. and Ahmad, Muneeb I. and Tam, Gary K.L.},
  year = {2024},
  month = oct,
  journal = {IEEE Transactions on Visualization and Computer Graphics},
  volume = {30},
  number = {10},
  pages = {6880--6899},
  doi = {10.1109/TVCG.2023.3344935}
}

@inproceedings{tolstikhin_mlpmixer_2021,
  title = {{{MLP-mixer}}: {{An}} All-{{MLP}} Architecture for Vision},
  booktitle = {Advances in Neural Information Processing Systems},
  author = {Tolstikhin, Ilya O and Houlsby, Neil and Kolesnikov, Alexander and Beyer, Lucas and Zhai, Xiaohua and Unterthiner, Thomas and Yung, Jessica and Steiner, Andreas and Keysers, Daniel and Uszkoreit, Jakob and Lucic, Mario and Dosovitskiy, Alexey},
  editor = {Ranzato, M. and Beygelzimer, A. and Dauphin, Y. and Liang, P.S. and Vaughan, J. Wortman},
  year = {2021},
  volume = {34},
  pages = {24261--24272},
  publisher = {Curran Associates, Inc.}
}

@inproceedings{vaswani_attention_2017,
  title = {Attention Is All You Need},
  booktitle = {Advances in Neural Information Processing Systems},
  author = {Vaswani, Ashish and Shazeer, Noam and Parmar, Niki and Uszkoreit, Jakob and Jones, Llion and Gomez, Aidan N and Kaiser, {\L}ukasz and Polosukhin, Illia},
  editor = {Guyon, I. and Luxburg, U. Von and Bengio, S. and Wallach, H. and Fergus, R. and Vishwanathan, S. and Garnett, R.},
  year = {2017},
  volume = {30},
  pages = {1--11},
  publisher = {Curran Associates, Inc.}
}

@incollection{venkitasamy_grapes_2019,
  title = {Grapes},
  booktitle = {Integrated {{Processing Technologies}} for {{Food}} and {{Agricultural By-Products}}},
  author = {Venkitasamy, Chandrasekar and Zhao, Liming and Zhang, Ruihong and Pan, Zhongli},
  year = {2019},
  pages = {133--163},
  publisher = {Elsevier},
  doi = {10.1016/B978-0-12-814138-0.00006-X}
}

@inproceedings{vu_softgroup_2022,
  title = {{{SoftGroup}} for {{3D}} Instance Segmentation on Point Clouds},
  booktitle = {Proceedings of the {{IEEE}}/{{CVF}} Conference on Computer Vision and Pattern Recognition ({{CVPR}})},
  author = {Vu, Thang and Kim, Kookhoi and Luu, Tung M. and Nguyen, Thanh and Yoo, Chang D.},
  year = {2022},
  month = jun,
  pages = {2708--2717},
  doi = {10.48550/arXiv.2203.01509}
}

@inproceedings{wang_3d_2022,
  title = {{{3D}} Point Cloud Instance Segmentation of Lettuce Based on {{PartNet}}},
  booktitle = {Proceedings of the {{IEEE}}/{{CVF}} Conference on Computer Vision and Pattern Recognition ({{CVPR}}) Workshops},
  author = {Wang, Luhan and Zheng, Lihua and Wang, Minjuan},
  year = {2022},
  month = jun,
  pages = {1647--1655}
}

@article{wang_dynamic_2019,
  title = {Dynamic {{Graph CNN}} for {{Learning}} on {{Point Clouds}}},
  author = {Wang, Yue and Sun, Yongbin and Liu, Ziwei and Sarma, Sanjay E. and Bronstein, Michael M. and Solomon, Justin M.},
  year = {2019},
  month = oct,
  journal = {ACM Transactions on Graphics},
  volume = {38},
  number = {5},
  pages = {1--12},
  doi = {10.1145/3326362}
}

@inproceedings{wang_unsupervised_2021,
  title = {Unsupervised Point Cloud Pre-Training via Occlusion Completion},
  booktitle = {Proceedings of the {{IEEE}}/{{CVF}} International Conference on Computer Vision ({{ICCV}})},
  author = {Wang, Hanchen and Liu, Qi and Yue, Xiangyu and Lasenby, Joan and Kusner, Matt J.},
  year = {2021},
  month = oct,
  pages = {9782--9792},
  doi = {10.48550/arXiv.2010.01089}
}

@article{xiang_multispace_2023,
  title = {Multi-Space and Detail-Supplemented Attention Network for Point Cloud Completion},
  author = {Xiang, Min and Ye, Hailiang and Yang, Bing and Cao, Feilong},
  year = {2023},
  month = jun,
  journal = {Applied Intelligence},
  volume = {53},
  number = {12},
  pages = {14971--14985},
  doi = {10.1007/s10489-022-04219-3}
}

@inproceedings{xiang_snowflakenet_2021,
  title = {{{SnowflakeNet}}: {{Point}} Cloud Completion by Snowflake Point Deconvolution with Skip-Transformer},
  booktitle = {Proceedings of the {{IEEE}}/{{CVF}} International Conference on Computer Vision ({{ICCV}})},
  author = {Xiang, Peng and Wen, Xin and Liu, Yu-Shen and Cao, Yan-Pei and Wan, Pengfei and Zheng, Wen and Han, Zhizhong},
  year = {2021},
  month = oct,
  pages = {5499--5509},
  doi = {10.48550/arXiv.2108.04444}
}

@incollection{xie_grnet_2020,
  title = {{{GRNet}}: {{Gridding Residual Network}} for {{Dense Point Cloud Completion}}},
  shorttitle = {{{GRNet}}},
  booktitle = {Computer {{Vision}} -- {{ECCV}} 2020},
  author = {Xie, Haozhe and Yao, Hongxun and Zhou, Shangchen and Mao, Jiageng and Zhang, Shengping and Sun, Wenxiu},
  editor = {Vedaldi, Andrea and Bischof, Horst and Brox, Thomas and Frahm, Jan-Michael},
  year = {2020},
  volume = {12354},
  pages = {365--381},
  publisher = {Springer International Publishing},
  address = {Cham},
  doi = {10.1007/978-3-030-58545-7_21}
}

@inproceedings{yang_pointflow_2019,
  title = {{{PointFlow}}: {{3D}} Point Cloud Generation with Continuous Normalizing Flows},
  booktitle = {Proceedings of the {{IEEE}}/{{CVF}} International Conference on Computer Vision ({{ICCV}})},
  author = {Yang, Guandao and Huang, Xun and Hao, Zekun and Liu, Ming-Yu and Belongie, Serge and Hariharan, Bharath},
  year = {2019},
  month = oct,
  pages = {4541--4550}
}

@inproceedings{yu_pointr_2021,
  title = {{{PoinTr}}: {{Diverse}} Point Cloud Completion with Geometry-Aware Transformers},
  booktitle = {Proceedings of the {{IEEE}}/{{CVF}} International Conference on Computer Vision ({{ICCV}})},
  author = {Yu, Xumin and Rao, Yongming and Wang, Ziyi and Liu, Zuyan and Lu, Jiwen and Zhou, Jie},
  year = {2021},
  month = oct,
  pages = {12498--12507},
  doi = {10.48550/arXiv.2108.08839}
}

@inproceedings{yuan_pcn_2018,
  title = {{{PCN}}: {{Point Completion Network}}},
  shorttitle = {{{PCN}}},
  booktitle = {2018 {{International Conference}} on {{3D Vision}} ({{3DV}})},
  author = {Yuan, Wentao and Khot, Tejas and Held, David and Mertz, Christoph and Hebert, Martial},
  year = {2018},
  month = sep,
  pages = {728--737},
  publisher = {IEEE},
  address = {Verona},
  doi = {10.1109/3DV.2018.00088}
}

@article{zabawa_counting_2020,
  title = {Counting of Grapevine Berries in Images via Semantic Segmentation Using Convolutional Neural Networks},
  author = {Zabawa, Laura and Kicherer, Anna and Klingbeil, Lasse and T{\"o}pfer, Reinhard and Kuhlmann, Heiner and Roscher, Ribana},
  year = {2020},
  month = jun,
  journal = {ISPRS Journal of Photogrammetry and Remote Sensing},
  volume = {164},
  pages = {73--83},
  doi = {10.1016/j.isprsjprs.2020.04.002}
}
